@inproceedings{luong_2013,
    Address = {Sofia, Bulgaria},
    Author = {Luong, Minh-Thang  and  Socher, Richard and Manning, Christopher D.},
    Booktitle = {CoNLL},
    Title = {Better Word Representations with Recursive Neural Networks for Morphology},
    Year = {2013}}

@article{bahdanau_2014,
  author    = {Dzmitry Bahdanau and
               Kyunghyun Cho and
               Yoshua Bengio},
  title     = {Neural Machine Translation by Jointly Learning to Align and Translate},
  journal   = {CoRR},
  volume    = {abs/1409.0473},
  year      = {2014},
  url       = {http://arxiv.org/abs/1409.0473},
  archivePrefix = {arXiv},
  eprint    = {1409.0473},
  timestamp = {Wed, 07 Jun 2017 14:40:19 +0200},
  biburl    = {https://dblp.org/rec/bib/journals/corr/BahdanauCB14},
  bibsource = {dblp computer science bibliography, https://dblp.org}
}

@article{bahdanau_2017,
  author    = {Dzmitry Bahdanau and
               Tom Bosc and
               Stanislaw Jastrzebski and
               Edward Grefenstette and
               Pascal Vincent and
               Yoshua Bengio},
  title     = {Learning to Compute Word Embeddings On the Fly},
  journal   = {CoRR},
  volume    = {abs/1706.00286},
  url       = {http://arxiv.org/abs/1706.00286},
  archivePrefix = {arXiv},
  eprint    = {1706.00286},
  timestamp = {Mon, 03 Jul 2017 13:29:02 +0200},
  biburl    = {http://dblp.org/rec/bib/journals/corr/BahdanauBJGVB17},
  bibsource = {dblp computer science bibliography, http://dblp.org}
}

@article{luong_2016,
  author    = {Minh{-}Thang Luong and
               Christopher D. Manning},
  title     = {Achieving Open Vocabulary Neural Machine Translation with Hybrid Word-Character
               Models},
  journal   = {CoRR},
  volume    = {abs/1604.00788},
  year      = {2016},
  url       = {http://arxiv.org/abs/1604.00788},
  archivePrefix = {arXiv},
  eprint    = {1604.00788},
  timestamp = {Wed, 07 Jun 2017 14:43:03 +0200},
  biburl    = {http://dblp.org/rec/bib/journals/corr/LuongM16},
  bibsource = {dblp computer science bibliography, http://dblp.org}
}

@article{hill_2015,
  author    = {Felix Hill and
               Kyunghyun Cho and
               Anna Korhonen and
               Yoshua Bengio},
  title     = {Learning to Understand Phrases by Embedding the Dictionary},
  journal   = {CoRR},
  volume    = {abs/1504.00548},
  year      = {2015},
  url       = {http://arxiv.org/abs/1504.00548},
  archivePrefix = {arXiv},
  eprint    = {1504.00548},
  timestamp = {Wed, 07 Jun 2017 14:40:18 +0200},
  biburl    = {http://dblp.org/rec/bib/journals/corr/HillCKB15},
  bibsource = {dblp computer science bibliography, http://dblp.org}
}


@article{miyamoto_2016,
  author    = {Yasumasa Miyamoto and
               Kyunghyun Cho},
  title     = {Gated Word-Character Recurrent Language Model},
  journal   = {CoRR},
  volume    = {abs/1606.01700},
  year      = {2016},
  url       = {http://arxiv.org/abs/1606.01700},
  archivePrefix = {arXiv},
  eprint    = {1606.01700},
  timestamp = {Wed, 07 Jun 2017 14:41:49 +0200},
  biburl    = {http://dblp.org/rec/bib/journals/corr/MiyamotoC16},
  bibsource = {dblp computer science bibliography, http://dblp.org}
}

@article{kim_2015,
  author    = {Yoon Kim and
               Yacine Jernite and
               David Sontag and
               Alexander M. Rush},
  title     = {Character-Aware Neural Language Models},
  journal   = {CoRR},
  volume    = {abs/1508.06615},
  year      = {2015},
  url       = {http://arxiv.org/abs/1508.06615},
  archivePrefix = {arXiv},
  eprint    = {1508.06615},
  timestamp = {Wed, 07 Jun 2017 14:41:17 +0200},
  biburl    = {http://dblp.org/rec/bib/journals/corr/KimJSR15},
  bibsource = {dblp computer science bibliography, http://dblp.org}
}

@article{miller_1995,
 author = {Miller, George A.},
 title = {WordNet: A Lexical Database for English},
 journal = {Commun. ACM},
 issue_date = {Nov. 1995},
 volume = {38},
 number = {11},
 month = nov,
 year = {1995},
 issn = {0001-0782},
 pages = {39--41},
 numpages = {3},
 url = {http://doi.acm.org/10.1145/219717.219748},
 doi = {10.1145/219717.219748},
 acmid = {219748},
 publisher = {ACM},
 address = {New York, NY, USA},
} 


@inproceedings{pennington_2014,
  author = {Jeffrey Pennington and Richard Socher and Christopher D. Manning},
  booktitle = {Empirical Methods in Natural Language Processing (EMNLP)},
  title = {GloVe: Global Vectors for Word Representation},
  year = {2014},
  url = {http://www.aclweb.org/anthology/D14-1162},
}

@ARTICLE{2017opennmt,
         author = { {Klein}, G. and {Kim}, Y. and {Deng}, Y. 
                    and {Senellart}, J. and {Rush}, A.~M.},
         title = "{OpenNMT: Open-Source Toolkit 
                   for Neural Machine Translation}",
         journal = {ArXiv e-prints},
         eprint = {1701.02810} }